@Misc{wearesocial,
  key = {1},
  title = {Digital 2019: Global Internet use accelerates. https://wearesocial.com/blog/2019/01/digital-2019-global-internet-use-accelerates},
  howpublished = {}
}


@article{digitalComm,
author = {Grandjean, Martin},
year = {2016},
month = {04},
pages = {1171458},
title = {A social network analysis of Twitter: Mapping the digital humanities community},
volume = {3},
journal = {Cogent Arts \& Humanities},
doi = {10.1080/23311983.2016.1171458}
}


@article{measure,
author = {Riquelme, Fabián and González-Cantergiani, Pablo},
year = {2016},
month = {04},
pages = {},
title = {Measuring user influence on Twitter: A survey},
volume = {52},
journal = {Journal of Information Processing and Management},
doi = {10.1016/j.ipm.2016.04.003}
}

@inproceedings{measureMill,
author = {Cha, Meeyoung and Haddadi, Hamed and Benevenuto, Fabrício and Gummadi, Krishna P.},
year = {2010},
month = {06},
pages = {},
title = {Measuring User Influence in Twitter: The Million Follower Fallacy.},
volume = {14},
journal = {AAAI Conference on Weblogs and Social Media}
}

@article{spread,
author = {Kempe, David and Kleinberg, Jon and Tardos, Eva},
year = {2003},
month = {07},
pages = {},
title = {Maximizing the Spread of Influence through a Social Network},
volume = {137-146},
journal = {Proceedings of the ACM SIGKDD International Conference on Knowledge Discovery and Data Mining},
doi = {10.1145/956750.956769}
}

@article{behaviourMultiple,
author = {Lim, Bang and Lu, Dongyuan and Chen, Tao and Kan, Min-Yen},
year = {2015},
month = {07},
pages = {},
title = {#mytweet via Instagram: Exploring User Behaviour across Multiple Social Networks},
doi = {10.1145/2808797.2808820}
}

@inproceedings{redditArt,
author = {Glenski, Maria and Weninger, Tim},
year = {2017},
month = {07},
pages = {609-612},
title = {Predicting User-Interactions on Reddit},
isbn = {978-1-4503-4993-2},
doi = {10.1145/3110025.3120993}
}

@article{agentsArt,
author = {Berndt, Jan Ole and Rodermund, Stephanie and Lorig, Fabian and Timm, Ingo},
year = {2017},
month = {07},
pages = {},
title = {Modeling User Behavior in Social Media with Complex Agents}
}


@article{activeMiccroblogers,
  author = {Lamjed Ben Jabeur and Lynda Tamine and Mohand Boughanem},
  title = {Active Microbloggers: Identifying Influencers, Leaders and Discussers in Microblogging Networks},
  year = {2012},
  month = {10},
  doi = {10.1007/978-3-642-34109-0_12}
}

@article{influenceOrNot,
author = {Räbiger, Stefan and Spiliopoulou, Myra},
year = {2014},
month = {01},
pages = {-},
title = {A framework for validating the merit of properties that predict the influence of a twitter user},
journal = {Expert Systems with Applications},
doi = {10.1016/j.eswa.2014.11.006}
}

@article{authority,
author = {Pal, Aditya and Counts, Scott},
year = {2011},
month = {05},
pages = {45-54},
title = {Identifying Topical Authorities in Microblogs},
journal = {Proceedings of the 4th ACM International Conference on Web Search and Data Mining, WSDM 2011},
doi = {10.1145/1935826.1935843}
}

@article{opinionLeaders,
	  title     = {Review for Identifying Online Opinion Leaders},
	  author    = {Yu Wang},
	    journal   = {International Journal of Economics and Management Engineering},
	  volume    = {11},
	  number    = {10},
	  year      = {2017},
	  pages     = {2519 - 2523},
	  ee        = {https://publications.waset.org/pdf/10008238},
	  url   	= {https://publications.waset.org/vol/130},
	  bibsource = {https://publications.waset.org/},
	  issn  	= {eISSN: 1307-6892},
	  publisher = {World Academy of Science, Engineering and Technology},
	  index 	= {Open Science Index 130, 2017},
	}

@article{acTweetRank,
author = {Nagmoti, Rinkesh and Teredesai, Ankur and De Cock, Martine},
year = {2010},
month = {08},
pages = {153-157},
title = {Ranking Approaches for Microblog Search},
volume = {1},
journal = {Proceedings - 2010 IEEE/WIC/ACM International Conference on Web Intelligence, WI 2010},
doi = {10.1109/WI-IAT.2010.170}
}

@article{acTweetCountScore,
author = {Noro, Tomoya and Ru, Fei and Xiao, Feng and Tokuda, Takehiro},
year = {2012},
month = {06},
pages = {},
title = {Twitter User Rank Using Keyword Search},
volume = {251},
doi = {10.3233/978-1-61499-177-9-31}
}

@article{acActivitytScore,
author = {Yuan, Jinfeng},
year = {2013},
month = {05},
pages = {2247-2259},
title = {Topology-based Algorithm for Users' Influence on Specific Topics in Micro-blog},
volume = {10},
journal = {Journal of Information and Computational Science},
doi = {10.12733/jics20102229}
}


@article{acIPInfluence,
author = {Romero, Daniel and Galuba, Wojciech and Asur, Sitaram and Huberman, Bernardo},
year = {2011},
month = {01},
pages = {1-9},
title = {Influence and Passivity in Social Media},
journal = {Inf. Syst. J.},
doi = {10.1145/1963192.1963250}
}

@article{popularity,
author = {Aleahmad, Abolfazl and Karisani, Payam and Rahgozar, Maseud and Oroumchian, Farhad},
year = {2015},
month = {09},
pages = {},
title = {OLFinder: Finding opinion leaders in online social networks},
volume = {42},
journal = {Journal of Information Science},
doi = {10.1177/0165551515605217}
}

@article{closeness,
author = {Hajian, Behnam and White, Tony},
year = {2011},
month = {10},
pages = {497-500},
title = {Modelling Influence in a Social Network: Metrics and Evaluation},
doi = {10.1109/PASSAT/SocialCom.2011.118}
}

@article{betweenes,
author = {Jin, Xin and Wang, Yaohua},
year = {2013},
month = {07},
pages = {},
title = {Research on Social Network Structure and Public Opinions Dissemination of Micro-blog Based on Complex Network Analysis},
volume = {8},
journal = {Journal of Networks},
doi = {10.4304/jnw.8.7.1543-1550}
}

@article{snsCharacteristics,
author = {Medaglia, Rony and Rose, Jeremy and Nyvang, Tom and Sabo, Oystein},
year = {2009},
month = {01},
pages = {91},
title = {Characteristics Of Social Networking Services.}
}

@article{snsCharacteristics2,
author = {Boyd, Danah and Ellison, Nicole},
year = {2007},
month = {10},
pages = {210-230},
title = {Social Network Sites: Definition, History, and Scholarship},
volume = {13},
journal = {J. Computer-Mediated Communication},
doi = {10.1111/j.1083-6101.2007.00393.x}
}

@article{pagerank,
author = {Brin, Sergey and Page, Lawrence},
year = {1998},
month = {04},
pages = {107-117},
title = {The Anatomy of a Large-Scale Hypertextual Web Search Engine},
volume = {30},
journal = {Computer Networks},
doi = {10.1016/S0169-7552(98)00110-X}
}


@article{tunkrank,
  author = {D. Tunkelang},
  title = {A Twitter analog to Pagerank},
  year = {2009},
  url = {http://thenoisychannel.com/2009/01/13/a-
twitter-analog-to-pagerank/}
}

@article{kazt,
  author = {E. Katz and P. Lazarsfeld},
  title = {Personal influence: the part played by people in the flow of mass communications},
  year = {1955}
}

@article{tunkrank2,
author = {Gayo-Avello, Daniel},
year = {2010},
month = {04},
pages = {},
title = {Nepotistic Relationships in Twitter and their Impact on Rank Prestige Algorithms},
volume = {49},
journal = {Information Processing \& Management},
doi = {10.1016/j.ipm.2013.06.003}
}

@article{userrank,
author = {Majer, Tomás and Simko, Marian},
year = {2012},
month = {01},
pages = {518-529},
title = {Leveraging Microblogs for Resource Ranking},
volume = {7147},
doi = {10.1007/978-3-642-27660-6_42}
}


@article{socialmediarank,
  author = {J. Clement},
  title = {Global social networks ranked by number of users 2019},
  year = {2019},
  url = {https://www.statista.com/statistics/272014/global-social-networks-ranked-by-number-of-users/}
}


@article{twitAcc,
  author = {},
  title = {Avaliable Twitter Activities},
  url = {https://developer.twitter.com/en/docs/accounts-and-users/subscribe-account-activity/guides/account-activity-data-objects}
}

@article{salon24,
  author = {},
  title = {Salon24},
  url = {https://www.salon24.pl}
}

@article{relationshipstrength,
author = {Rudek, Krzysztof and Kozlak, Jaroslaw},
year = {2017},
month = {10},
pages = {1-6},
title = {The influence of relationships strength on their duration in blogosphere},
doi = {10.1109/BESC.2017.8256410}
}


@article{elbow,
  author = {Robert L. Thorndike},
  title = {Who Belongs in the Family?},
  journal = {Psychometrika},
  year = {1953},
  url = {https://doi.org/10.1007/BF02289263},
  doi = {10.1007/BF02289263}
}

@article{Silhouette,
author = {Peter, R.J.},
year = {1987},
month = {01},
pages = {},
title = {Silhouettes: a graphical aid to the interpretation and validation of cluster analysis},
volume = {20},
journal = {J. Comput. Appl. Math.}
}

@article{gap,
author = {Tibshirani, Robert and Walther, Guenther and Hastie, Trevor},
year = {2001},
month = {02},
pages = {411-423},
title = {Estimating the Number of Clusters in a Data Set Via the Gap Statistic},
volume = {63},
journal = {Journal of the Royal Statistical Society Series B},
doi = {10.1111/1467-9868.00293}
}

@Misc{kmeans,
  key = {3},
  title = {KMeans. https://scikit-learn.org/stable/modules/generated/sklearn.cluster.KMeans.html},
  howpublished = {}
}

@INPROCEEDINGS{adasyn,
  author={ {Haibo He} and  {Yang Bai} and E. A. {Garcia} and  {Shutao Li}},
  booktitle={2008 IEEE International Joint Conference on Neural Networks (IEEE World Congress on Computational Intelligence)}, 
  title={ADASYN: Adaptive synthetic sampling approach for imbalanced learning}, 
  year={2008},
  volume={},
  number={},
  pages={1322-1328},}


@article{link1,
author = {Liben-nowell, David and Kleinberg, Jon},
year = {2003},
month = {01},
pages = {},
title = {The Link Prediction Problem for Social Networks},
volume = {58},
journal = {Journal of the American Society for Information Science and Technology},
doi = {10.1002/asi.20591}
}

@inproceedings{link2,
author = {Fire, Michael and Tenenboim, Lena and Lesser, Ofrit and Puzis, Rami and Rokach, Lior and Elovici, Yuval},
year = {2011},
month = {10},
pages = {73-80},
title = {Link Prediction in Social Networks Using Computationally Efficient Topological Features},
doi = {10.1109/PASSAT/SocialCom.2011.20}
}

@inproceedings{group_evol,
author = {Saganowski, Stanisław and B. Gliwa and P. Bródka and A. Zygmunt and P. Kazienko and J. Koźlak},
year = {2015},
month = {08},
pages = {924-925},
title = {Predicting Community Evolution in Social Networks},
doi = {10.1145/2808797.2809353}
}

@article{digg,
author = {Jamali, Salman and Rangwala, Huzefa},
year = {2009},
month = {11},
pages = {},
title = {Digging Digg: Comment Mining, Popularity Prediction, and Social Network Analysis},
journal = {2009 International Conference on Web Information Systems and Mining, WISM 2009},
doi = {10.1109/WISM.2009.15}
}

@article{gauss,
author = {Chan, Tony and Golub, Gene and LeVeque, Randall},
year = {1979},
month = {01},
pages = {},
title = {Updating Formulae and a Pairwise Algorithm for Computing Sample Variances},
doi = {10.1007/978-3-642-51461-6_3}
}

@inproceedings{complement,
author = {Rennie, Jason and Shih, Lawrence and Teevan, Jaime and Karger, David},
year = {2003},
month = {01},
pages = {},
title = {Tackling the Poor Assumptions of Naive Bayes Text Classifiers}
}

@article{id3,
author = {Quinlan, Ross},
year = {1986},
month = {03},
pages = {81-106},
title = {Induction of Decision Trees},
volume = {1},
journal = {Machine Learning},
doi = {10.1007/BF00116251}
}

@book{c45,
author = {Quinlan, Ross},
year = {1993},
month = {01},
pages = {},
title = {C4.5: Programs for Machine Learning},
volume = {1},
isbn = {1-55860-238-0},
journal = {San Diego: Morgan Kaufmann}
}

@article{cart,
author = {Breiman, Leo and Friedman, Jerome and Olshen, Richard and Stone, Charles},
year = {1984},
month = {01},
pages = {},
title = {Classification and Regression Trees},
volume = {81},
journal = {Journal of the American Statistical Association},
doi = {10.2307/2288003}
}

@article{ada,
author = {Freund, Yoav and Schapire, Robert},
year = {1999},
month = {10},
pages = {771-780},
title = {A Short Introduction to Boosting},
volume = {14},
journal = {Journal of Japanese Society for Artificial Intelligence}
}

@article{random,
author = {Brieman, L.},
year = {2001},
month = {01},
pages = {5-32},
title = {Random Forests},
volume = {45},
journal = {Machine Learning}
}

@article{mlp,
author = {Hastie, Trevor and Tibshirani, Robert and Friedman, Jerome and Franklin, James},
year = {2004},
month = {11},
pages = {83-85},
title = {The Elements of Statistical Learning: Data Mining, Inference, and Prediction},
volume = {27},
journal = {Math. Intell.},
doi = {10.1007/BF02985802}
}

@article{mgr,
author = {Pustelnik, Sebastian},
year = {2019},
title = {Przewidywanie zachowań w sieciach społecznych. AGH, WIEiT.}
}

. 
